<record><leader>01901nam a2200493 a 4500</leader><controlfield tag="001">6784726</controlfield><controlfield tag="003">OCoLC</controlfield><controlfield tag="005">20150108100404.0</controlfield><controlfield tag="006">m     o  d        </controlfield><controlfield tag="007">cr unu</controlfield><controlfield tag="008">150108s2015    flua    ob    000 0 eng d</controlfield><datafield ind1=" " ind2=" " tag="020"><subfield code="z">9781466561724</subfield></datafield><datafield ind1=" " ind2=" " tag="020"><subfield code="a">9781466561731</subfield></datafield><datafield ind1=" " ind2=" " tag="020"><subfield code="a">1466561734</subfield></datafield><datafield ind1=" " ind2=" " tag="035"><subfield code="a">ocn896840117</subfield></datafield><datafield ind1=" " ind2=" " tag="037"><subfield code="a">CL0500000529</subfield><subfield code="b">Safari Books Online</subfield></datafield><datafield ind1=" " ind2=" " tag="039"><subfield code="a">exclude</subfield></datafield><datafield ind1=" " ind2=" " tag="040"><subfield code="a">UMI</subfield><subfield code="b">eng</subfield><subfield code="e">rda</subfield><subfield code="e">pn</subfield><subfield code="c">UMI</subfield><subfield code="d">UMI</subfield><subfield code="d">AEU</subfield></datafield><datafield ind1=" " ind2="4" tag="050"><subfield code="a">HD30.2</subfield></datafield><datafield ind1=" " ind2=" " tag="090"><subfield code="a">Internet Access</subfield><subfield code="b">AEGMCT</subfield></datafield><datafield ind1=" " ind2=" " tag="090"><subfield code="a">Internet Access</subfield><subfield code="b">AEU</subfield></datafield><datafield ind1="1" ind2=" " tag="100"><subfield code="a">Weinzimer, Philip,</subfield><subfield code="e">author.</subfield></datafield><datafield ind1="1" ind2="4" tag="245"><subfield code="a">The strategic CIO :</subfield><subfield code="b">changing the dynamics of the business enterprise /</subfield><subfield code="c">Philip Weinzimer, forwards by Rob Carter, Filippo Passerini.</subfield></datafield><datafield ind1="3" ind2="0" tag="246"><subfield code="a">Strategic Chief Information Officer</subfield></datafield><datafield ind1=" " ind2="1" tag="264"><subfield code="a">Boca Raton, FL :</subfield><subfield code="b">CRC Press,</subfield><subfield code="c">[2015]</subfield></datafield><datafield ind1=" " ind2="4" tag="264"><subfield code="c">&#169;2015</subfield></datafield><datafield ind1=" " ind2=" " tag="300"><subfield code="a">1 online resource (xxvi, 525 pages) :</subfield><subfield code="b">illustrations</subfield></datafield><datafield ind1=" " ind2=" " tag="336"><subfield code="a">text</subfield><subfield code="b">txt</subfield><subfield code="2">rdacontent</subfield></datafield><datafield ind1=" " ind2=" " tag="337"><subfield code="a">computer</subfield><subfield code="b">c</subfield><subfield code="2">rdamedia</subfield></datafield><datafield ind1=" " ind2=" " tag="338"><subfield code="a">online resource</subfield><subfield code="b">cr</subfield><subfield code="2">rdacarrier</subfield></datafield><datafield ind1=" " ind2=" " tag="504"><subfield code="a">Includes bibliographical references.</subfield></datafield><datafield ind1=" " ind2=" " tag="506"><subfield code="a">Access restricted to authorized users and institutions.</subfield></datafield><datafield ind1=" " ind2=" " tag="588"><subfield code="a">Description based on print version record.</subfield></datafield><datafield ind1=" " ind2=" " tag="596"><subfield code="a">44</subfield></datafield><datafield ind1=" " ind2="0" tag="650"><subfield code="a">Information technology</subfield><subfield code="x">Management.</subfield></datafield><datafield ind1=" " ind2="0" tag="650"><subfield code="a">Technological innovations</subfield><subfield code="x">Management.</subfield></datafield><datafield ind1=" " ind2="0" tag="650"><subfield code="a">Customer services</subfield><subfield code="x">Management.</subfield></datafield><datafield ind1=" " ind2="0" tag="650"><subfield code="a">Strategic planning.</subfield></datafield><datafield ind1=" " ind2="0" tag="650"><subfield code="a">Chief information officers.</subfield></datafield><datafield ind1="1" ind2=" " tag="700"><subfield code="a">Carter, Rob,</subfield><subfield code="e">writer of introduction.</subfield></datafield><datafield ind1="1" ind2=" " tag="700"><subfield code="a">Passerini, Filippo,</subfield><subfield code="e">writer of introduction.</subfield></datafield><datafield ind1="4" ind2="0" tag="856"><subfield code="3">University of Alberta Access</subfield><subfield code="u">http://proquest.safaribooksonline.com/?uiCode=ualberta&amp;xmlId=9781466561724</subfield></datafield><datafield ind1=" " ind2=" " tag="949"><subfield code="a">Internet Access</subfield><subfield code="h">UAIN</subfield><subfield code="m">GR_MAC_INT</subfield><subfield code="z">SAFMAC</subfield></datafield><datafield ind1=" " ind2=" " tag="926"><subfield code="a">Internet Access</subfield><subfield code="w">LC</subfield><subfield code="c">1</subfield><subfield code="i">6784726-1001</subfield><subfield code="l">INTERNET</subfield><subfield code="m">UAINTERNET</subfield><subfield code="r">Y</subfield><subfield code="s">Y</subfield><subfield code="t">E-RESOURCE</subfield><subfield code="u">1/16/2015</subfield><subfield code="x">E-BOOK</subfield><subfield code="z">SAFARI</subfield></datafield></record>